@inproceedings{zhou2012augment,
  title={Augment-and-conquer negative binomial processes},
  author={Zhou, Mingyuan and Carin, Lawrence},
  booktitle={Advances in Neural Information Processing Systems},
  pages={2546--2554},
  year={2012}
}

@inproceedings{teh2005sharing,
  title={Sharing clusters among related groups: Hierarchical Dirichlet processes},
  author={Teh, Yee W and Jordan, Michael I and Beal, Matthew J and Blei, David M},
  booktitle={Advances in neural information processing systems},
  pages={1385--1392},
  year={2005}
}

@inproceedings{wallach2006topic,
  title={Topic modeling: beyond bag-of-words},
  author={Wallach, Hanna M},
  booktitle={Proceedings of the 23rd international conference on Machine learning},
  pages={977--984},
  year={2006},
  organization={ACM}
}