@article{guillot2013dismantling,
  title={Dismantling the Mantel tests},
  author={Guillot, Gilles and Rousset, Fran{\c{c}}ois},
  journal={Methods in Ecology and Evolution},
  volume={4},
  number={4},
  pages={336--344},
  year={2013},
  publisher={Wiley Online Library}
}

@article{anderson2001new,
  title={A new method for non-parametric multivariate analysis of variance},
  author={Anderson, Marti J},
  journal={Austral ecology},
  volume={26},
  number={1},
  pages={32--46},
  year={2001},
  publisher={Wiley Online Library}
}

@article{oksanen2007vegan,
  title={The vegan package},
  author={Oksanen, Jari and Kindt, Roeland and Legendre, Pierre and Oâ€™Hara, Bob and Stevens, M Henry H and Oksanen, Maintainer Jari and Suggests, MASS},
  journal={Community ecology package},
  volume={10},
  pages={631--637},
  year={2007}
}

@inproceedings{fukuyama2012comparisons,
  title={Comparisons of distance methods for combining covariates and abundances in microbiome studies},
  author={Fukuyama, JULIA and McMurdie, Paul J and LES DETHLEFSEN, DAVID A RELMAN and HOLMES, SUSAN},
  booktitle={Pacific Symposium on Biocomputing. Pacific Symposium on Biocomputing},
  pages={213},
  year={2012},
  organization={NIH Public Access}
}

@article{lozupone2005unifrac,
  title={UniFrac: a new phylogenetic method for comparing microbial communities},
  author={Lozupone, Catherine and Knight, Rob},
  journal={Applied and environmental microbiology},
  volume={71},
  number={12},
  pages={8228--8235},
  year={2005},
  publisher={Am Soc Microbiol}
}