@article{anderson2001new,
  title={A new method for non-parametric multivariate analysis of variance},
  author={Anderson, Marti J},
  journal={Austral ecology},
  volume={26},
  number={1},
  pages={32--46},
  year={2001},
  publisher={Wiley Online Library}
}